
@misc{Authors14,
 author = {Authors},
 title = {The frobnicatable foo filter},
 note = {Face and Gesture  submission ID 324. Supplied as additional material {\tt fg324.pdf}},
 year = 2014
}

@misc{Authors14b,
 author = {Authors},
 title = {Frobnication tutorial},
 note = {Supplied as additional material {\tt tr.pdf}},
 year = 2014
}

@article{DBLP:journals/corr/abs-1911-12237,
  author       = {Bogdan Gliwa and
                  Iwona Mochol and
                  Maciej Biesek and
                  Aleksander Wawer},
  title        = {SAMSum Corpus: {A} Human-annotated Dialogue Dataset for Abstractive
                  Summarization},
  journal      = {CoRR},
  volume       = {abs/1911.12237},
  year         = {2019},
  url          = {http://arxiv.org/abs/1911.12237},
  eprinttype    = {arXiv},
  eprint       = {1911.12237},
  timestamp    = {Tue, 03 Dec 2019 20:41:07 +0100},
  biburl       = {https://dblp.org/rec/journals/corr/abs-1911-12237.bib},
  bibsource    = {dblp computer science bibliography, https://dblp.org}
}

@inproceedings{chen-etal-2021-dialogsum,
    title = "{D}ialog{S}um: {A} Real-Life Scenario Dialogue Summarization Dataset",
    author = "Chen, Yulong  and
      Liu, Yang  and
      Chen, Liang  and
      Zhang, Yue",
    editor = "Zong, Chengqing  and
      Xia, Fei  and
      Li, Wenjie  and
      Navigli, Roberto",
    booktitle = "Findings of the Association for Computational Linguistics: ACL-IJCNLP 2021",
    month = aug,
    year = "2021",
    address = "Online",
    publisher = "Association for Computational Linguistics",
    url = "https://aclanthology.org/2021.findings-acl.449",
    doi = "10.18653/v1/2021.findings-acl.449",
    pages = "5062--5074",
}